@phdthesis{williams12,
  school = {University of California, Berkeley},
  author = {{Williams}, Peter},
  title = {Exploring the Dynamic Radio Sky with the Allen Telescope Array},
  year = {2012}
}


@article{zhong2004diurnal,
	Author = {Zhong, Shiyuan and Whiteman, C David and Bian, Xindi},
	Journal = {Journal of Applied Meteorology},
	Number = {11},
	Pages = {1679--1699},
	Title = {Diurnal evolution of three-dimensional wind and temperature structure in California's Central Valley},
	Volume = {43},
	Year = {2004}}
